@book{merquior,
  Author = {José Guilherme Merquior},
  Title = {Michel Foucault: ou o Niilismo de Cátedra},
  Translator = {Dondaldson M. Garschagen}, 
  Publisher = {Nova Fronteira},
  Location = {São Paulo}, 
  Year = {1985}
}

@article{pwkn,
  author  = {Joseph Rouge}, 
  title   = {Power/Knowledge},
  journal = {The Cambridge Companion to Foucault},
  year    = 2006,
  pages   = {95-122},
}


